@UNPUBLISHED{aaaa,
   author = "Oren Patashnik",
   title = "aaaa",
   note = "Documentation for general  users",
   month = "Abc",
   language = "USenglish",
   year = 1988, }